<record><leader>00000cas a22000007a 4500</leader><controlfield tag="001">11987937</controlfield><controlfield tag="008">850501d18681869iauwr ne      0    0eng d</controlfield><datafield ind1=" " ind2=" " tag="010"><subfield code="a">sn 85049595 </subfield></datafield><datafield ind1=" " ind2=" " tag="040"><subfield code="a">INP</subfield><subfield code="b">eng</subfield><subfield code="c">INP</subfield><subfield code="d">OCLCQ</subfield></datafield><datafield ind1=" " ind2=" " tag="042"><subfield code="a">msc</subfield></datafield><datafield ind1="0" ind2="4" tag="245"><subfield code="a">The Iowa age.</subfield></datafield><datafield ind1=" " ind2=" " tag="260"><subfield code="a">Clarence, Iowa :</subfield><subfield code="b">[Iowa Age Association],</subfield><subfield code="c">1868-1869.</subfield></datafield><datafield ind1=" " ind2=" " tag="300"><subfield code="a">2 v. :</subfield><subfield code="b">ill. (chiefly advertisements) ;</subfield><subfield code="c">52 cm.</subfield></datafield><datafield ind1=" " ind2=" " tag="310"><subfield code="a">Weekly</subfield></datafield><datafield ind1="0" ind2=" " tag="362"><subfield code="a">Vol. 1, no. 1 (Apr. 23, 1868)-v. 2, no. 30 (Nov. 12, 1869).</subfield></datafield><datafield ind1=" " ind2=" " tag="500"><subfield code="a">Published in Clarence, Iowa, Apr. 23, 1868-June 11, 1868; in Clinton, Iowa, June 18, 1868-Nov. 12, 1869.</subfield></datafield><datafield ind1=" " ind2=" " tag="500"><subfield code="a">"Democratic in politics, independent in religion and just in all things."</subfield></datafield><datafield ind1=" " ind2=" " tag="500"><subfield code="a">Editor: Edward H. Thayer.</subfield></datafield><datafield ind1=" " ind2=" " tag="752"><subfield code="a">United States</subfield><subfield code="b">Iowa</subfield><subfield code="c">Cedar</subfield><subfield code="d">Clarence.</subfield></datafield><datafield ind1=" " ind2=" " tag="752"><subfield code="a">United States</subfield><subfield code="b">Iowa</subfield><subfield code="c">Clinton</subfield><subfield code="d">Clinton.</subfield></datafield><datafield ind1="0" ind2="0" tag="785"><subfield code="t">Clinton age</subfield><subfield code="w">(DLC)sn 84027076</subfield></datafield><datafield ind1="1" ind2=" " tag="029"><subfield code="a">AU@</subfield><subfield code="b">000025841669</subfield></datafield></record>